@misc{ krishna,
  author = {V. Krishna},
  title = {Auction Theory},
  year = {2009},
  notes = {Academic Press}
}

@misc{ raesubasta,
  author = "{Real Academia Española}",
  title = {Subasta},
  note = {Recuperado el 18 de Septiembre de 2022, de \url{https://dle.rae.es/subasta}}
}

@misc{ emem,
  author = {M. Emem},
  year = {2018},
  title = {Andy Warhol’s Multi-Million Dollar Painting Tokenized and Sold on Blockchain},
  howpublished = {\url{https://finance.yahoo.com/news/andy-warhol-multi-million-dollar-162928721.html}},
}

@misc{ wood2021,
  author = {G. Wood},
  year = {2021},
  title = {Ethereum: A Secure Decentralised Generalised Transaction Ledger},
  howpublished = {\url{https://ethereum.github.io/yellowpaper/paper.pdf}},
}

@misc{ neuendorf2018,
  author = { H. Neuendorf},
  year = {2018},
  title = {Christie’s Will Become the First Major Auction House to Use Blockchain in a Sale},
  howpublished = {\url{https://news.artnet.com/market/christies-artory-blockchain-pilot-1370788}},
}

@misc{ shi2021,
  author = { Z. Shi and C. de Laat and P. Grosso and Z. Zhao},
  year = {2021},
  title = {When Blockchain Meets Auction Models: A Survey, Some Applications, and Challenges},
  note = {1v43521.0112:viXra}
}

@misc{ blass2017strain,
  author = {E.O. Blass and F. Kerschbaum},
  year = {2018},
  title = {Strain: A Secure Auction for Blockchains.},
  note = {In ESORICS; Springer: Berlin/Heidelberg, Germany, 2018; Volume 11098, pp. 87–110.}
}

@misc{ kosba2016hawk,
  author = { A.E. Kosba and A. Miller and E. Shi and Z. Wen and C. Papamanthou},
  year = {2016},
  title = {Hawk: The Blockchain Model of Cryptography and Privacy-Preserving Smart Contracts},
  note = {In Proceedings of the IEEE Symposium on Security and Privacy, San Jose, CA, USA, 22–26 May 2016; pp. 839–858.}
}

@misc{ sharma2021,
  author = {G. Sharma and D. Verstraeten and V. Saraswat and J.-M. Dricot and Markowitch, O. },
  title = {Anonymous Sealed-Bid Auction on Ethereum.},
  year = {2021},
  note = {Electronics 2021, 10, 2340. https://doi.org/10.3390/electronics10192340}
}

@misc{ peng2018,
  author = {Y. Peng and Y. Gao and J. X. Wu},
  year = {2018},
  title = {A privacy preserving sealed-bid auction scheme based on block chains},
  note = {Cyberspace Security, vol. 9, no. 8, pp. 1–7}
}

@misc{ xiong2019,
  author = {J. Xiong},
  year = {2019},
  title = {Research on Anonymous Electronic Auction Protocol Based on Blockchain},
  note = {Jinan University, Guangzhou, China}
}

@misc{ yu2019,
  author = {R. Yu},
  year = {2019},
  title = {Research on the Sealed-Bid Auction Scheme for Blockchain Based on Secure Comparison Protocols},
  note = {Northwest A\&F University, Xianyang, China}
}

@misc{ pedersen1991,
  author = {T.P Pedersen},
  year = {1991},
  title = {Non-Interactive and Information-Theoretic Secure Verifiable Secret Sharing},
  note = {In CRYPTO; Springer: Berlin/Heidelberg, Germany},
  volume = {Volume 576},
  pages = {129–140}
}


@misc{ galalyusef2018a,
  author = {H.S. Galal and A.M. Youssef},
  year = {2018},
  title = {Verifiable Sealed-Bid Auction on the Ethereum Blockchain},
  note = {In Financial Cryptography; Springer: Berlin/Heidelberg, Germany},
  volume = {Volume 10958},
  pages = {265–278}
}

@misc{ galalyusef2018b,
  author = {H.S. Galal and A.M. Youssef},
  year = {2018},
  title = {Succinctly Verifiable Sealed-Bid Auction Smart Contract},
  note = {In Data Privacy Management, Cryptocurrencies and Blockchain Technology; Springer: Berlin/Heidelberg, Germany},
  volume = {Volume 11025},
  pages = {3--19}
}

@misc{li2021,
  author          = {H. Li and W. Xue},
  journal         = {Security and Communication Networks, Hindawi},
  number          = {Article ID 5523394},
  title           = {A Blockchain-Based Sealed-Bid e-Auction Scheme with Smart Contract and Zero-Knowledge Proof},
  volume          = {Volume 2021},
  year            = {2021},
  howpublished    = {https://doi.org/10.1155/2021/5523394}
}

@book{tapscott2016blockchain,
  title={Blockchain Revolution: How the Technology Behind Bitcoin is Changing Money, Business, and the World},
  author={Tapscott, D. and Tapscott, A.},
  isbn={9780241237854},
  lccn={2016008427},
  url={https://books.google.com.cu/books?id=L1QHjwEACAAJ},
  year={2016},
  publisher={Portfolio / Penguin}
}

@misc{barcelo2017,
  author          = {Anabel Barceló},
  note            = {Tesis de Maestría. La Habana, Cuba},
  title           = {Mercado de Deuda Pública, una propuesta de acciones de política para Cuba.},
  year            = {2017},
  url             = {https://www.bc.gob.cu//storage/investigaciones/March2018/AGZ1q0hd9wboRpF1L93d.pdf}
}

@misc{sanchez2020,
  author = {David Cerezo Sánchez},
  title = {Raziel: Private and Verifiable Smart Contracts on Blockchains},
  howpublished = {Cryptology ePrint Archive, Paper 2017/878},
  year = {2020},
  note = {\url{https://eprint.iacr.org/2017/878}},
  url = {https://eprint.iacr.org/2017/878}
}

@misc{satoshi2008,
  author = {Nakamoto, Satoshi},
  year = {2008},
  month = {10},
  pages = {},
  title = {Bitcoin: A Peer-to-Peer Electronic Cash System},
  journal = {Cryptography Mailing list at https://metzdowd.com}
}

@misc{ solunion2021,
  author = {Solunion},
  title = {¿Qué es y para qué sirve la tecnología blockchain?},
  year = {2021},
  note = {Recuperado el 10 de Septiembre de 2022, de \url{https://www.solunion.cl/blog/que-es-y-para-que-sirve-la-tecnologia-blockchain/}}
}

@misc{ diaz2018,
  author = {Genny Díaz},
  title = {Ethereum: historia de la plataforma de contratos inteligentes más usada},
  year = {2018},
  note = {Recuperado el 11 de Septiembre de 2022, de \url{https://www.criptonoticias.com/tecnologia/ethereum-historia-plataforma-contratos-inteligentes-usada/}}
}

@misc{ buterin2013,
  author = {Vitalik Buterin},
  title = {Ethereum: A Next-Generation Smart Contract and Decentralized Application Platform},
  year = {2013},
  note = {Recuperado el 16 de Octubre de 2022, de \url{https://ethereum.org/en/whitepaper/}}
}

@misc{ smartcontract,
  author = {Isabel Pérez},
  title = {Qué son los contratos inteligentes},
  journal = {criptonoticias.com},
  year = {},
  note = {Recuperado el 11 de Septiembre de 2022, de \url{https://www.criptonoticias.com/criptopedia-old/que-son-contratos-inteligentes-blockchain-criptomonedas/}}
}

@misc{economipediasubasta,
  author       = {Paula Nicole Roldán},
  date         = {31 julio 2017},
  editor       = {Economipedia.com},
  title        = {Subasta},
  year         = {2017},
  note         = {Recuperado el 19 de Octubre de 2022, de \url{https://economipedia.com/definiciones/subasta.html}}
}

@misc{carmona2021,
  author       = {Edilberto Carmona Tamayo and Lissett Izquierdo Ferrer},
  date         = {8 junio 2021},
  editor       = {cubadebate.com},
  title        = {¿Cómo se financia el déficit presupuestario de Cuba?},
  year         = {2021},
  note         = {Recuperado el 21 de Septiembre de 2022, de \url{http://www.cubadebate.cu/especiales/2021/06/08/como-se-financia-el-deficit-presupuestario-de-cuba/}}
}

@misc{bancomexico,
  author       = "{Banco de México}",
  title        = {Mercados financieros},
  note         = {Recuperado el 21 de Septiembre de 2022, de \url{http://educa.banxico.org.mx/banco_mexico_banca_central/sist-finc-mercados-financiero.html}}
}

@misc{igbonos,
  author       = {ig.com},
  title        = {¿Qué son los bonos del Estado y cómo comerciar con ellos?},
  note         = {Recuperado el 21 de Septiembre de 2022, de \url{https://www.ig.com/es/bonos/que-son-los-bonos-del-estado-y-como-comerciar-con-ellos}}
}

@misc{investopedia,
  author       = {Investopedia.com},
  title        = {},
  note         = {Recuperado el 10 de Septiembre de 2022, de \url{https://www.investopedia.com/terms/a/auction.asp}}
}

@misc{patten1970,
  author       = {R.W. Patten},
  title        = {Tatworth Candle Auction},
  year         = {1970},
  editor       = {Folklore 81, No. 2 (Summer 1970)},
  pages        = {132-135},
}

@misc{friedman1992,
  author       = {Daniel Friedman},
  title        = {The Double Auction Market Institution: A Survey},
  year         = {1992},
  note         = {\url{http://www.its.caltech.edu/~pbs/expfinance/Readings/FriedmanDA.pdf}}
}

@misc{keccak,
  author       = {Guido Bertoni and Joan Daemen and Michaël Peeters and Gilles Van Assche},
  date         = {January 14, 2011},
  title        = {The Keccak reference},
  year         = {2011},
}

@misc{bertoni2007,
  author       = {Guido Bertoni and Joan Daemen and Michaël Peeters and Gilles Van Assche},
  editor       = {Ecrypt Hash Workshop},
  title        = {Sponge Functions},
  year         = {2007},
}

@misc{stevens2017,
  author       = {Marc Stevens and Elie Bursztein and Pierre Karpman and Ange Albertini and Yarik Markov},
  title        = {The first collision for full SHA-1},
  year         = {2017},
  note         = {Retrieved February 23, 2017},
}

@misc{nist2015,
  author       = {NIST},
  date         = {August 5, 2015},
  title        = {Announcing Approval of Federal Information Processing Standard (FIPS) 202, SHA-3 Standard: Permutation-Based Hash and Extendable-Output Functions, and Revision of the Applicability Clause of FIPS 180-4, Secure Hash Standard},
  year         = {2015},
}

@misc{taibo2022,
  author       = {Alejandro Taibo Escarramán},
  date         = {Mayo 2022},
  editor       = {Universidad Politécnica de Madrid},
  title        = {Seguridad en la Blockchain de Ethereum: explotación y mitigación de vulnerabilidades modernas en Smart Contracts},
  year         = {2022},
}


@misc{wu2019,
  author       = {S. Wu and Y. Chen and Q. Wang and M. Li and C. Wang and X. Luo},
  date         = {},
  editor       = {IEEE Trans. Inf. Forensics Security},
  title        = {CReam: A smart contract enabled collusion-resistant e-auction},
  year         = {2019},
  note         = {vol. 14, no. 7},
  pages        = {pp. 1687–1701}
}

@misc{python3.8,
  author       = {Python Software Foundation},
  date         = {},
  editor       = {},
  title        = {Python 3.8.10 documentation},
  note         = {\url{https://docs.python.org/release/3.8.10/}},
  year         = {2021}
}

@misc{solidity0.8.4,
  author       = {Solidity},
  date         = {},
  editor       = {},
  title        = {Solidity Documentation},
  note         = {\url{https://docs.soliditylang.org/en/v0.8.4/}},
  year         = {}
}

@misc{brownie1.19.2,
  author       = {Brownie},
  date         = {},
  editor       = {},
  title        = {Brownie Documentation},
  note         = {\url{https://eth-brownie.readthedocs.io/en/v1.19.2/}},
  year         = {}
}

@misc{ganache7.5,
  author       = {Truffle},
  date         = {},
  editor       = {},
  title        = {Ganache Documentation},
  note         = {\url{https://github.com/trufflesuite/ganache}},
  year         = {}
}

@misc{bit2meacademy,
  author       = "{Bit2Me Academy}",
  date         = {},
  editor       = {},
  title        = {¿Qué es el Gas en Ethereum?},
  note         = {Recuperado el 20 Noviembre de 2022, de \url{https://academy.bit2me.com/que-es-gas-en-ethereum}}, 
  year         = {}
}

@misc{ycharts,
  author       = {Ycharts},
  date         = {},
  editor       = {},
  title        = {Ethereum Average Gas Limit},
  note         = {Recuperado el 25 Noviembre de 2022, de \url{https://ycharts.com/indicators/ethereum_average_gas_limit}},
  year         = {2022}
}

@misc{consensysfreegas,
  author       = {Consensys},
  date         = {},
  editor       = {},
  title        = {Free gas networks},
  note         = {Recuperado el 23 Noviembre de 2022, de \url{https://consensys.net/docs/goquorum/en/stable/concepts/free-gas-network/}},
  year         = {2022}
}

@misc{zcash,
  author       = {Zcash},
  date         = {},
  editor       = {},
  title        = {The Basics},
  note         = {Recuperado el 25 de Noviembre de 2022, de \url{https://z.cash/}},
  year         = {2022}
}